@article{Herrett2015,
  author={Emily Herrett and Arlene M. Gallagher and Krishnan Bhaskaran and Harriet Forbes    and Rohini Mathur and	Tjeerd van Staa and Liam Smeeth},
  year={2015},
  title={Data {R}esource {P}rofile: {C}linical {P}ractice {R}esearch {D}atalink ({CPRD})},
  journal={International {J}ournal of {E}pidemiology},
  volume={44},
  number={3},
  pages={827-836},
  isbn={1464-3685},
  language={English},
  url={https://search.datacite.org/works/10.1093/ije/dyv098},
  doi={10.1093/ije/dyv098},
  pmid={26050254}
}
@techreport{Padmanabhan2017,
  author={Shivani Padmanabhan},
  year={2017},
  month={1 September},
  title={{CPRD} {G}old {D}ata {S}pecification},
  url={https://cprdcw.cprd.com/_docs/CPRD_GOLD_Full_Data_Specification_v2.0.pdf}
}

@Manual{sqlite,
  Author = {S{QL}ite},
  title = {S{QL}ite},
  organization = {{Hipp, {W}yrick and {C}ompany, {I}nc}},
  address = {Charlotte, {N}orth {C}aolina},
  year = {2017},
  url = {https://www.sqlite.org/index.html}
}


